@ARTICLE{vakbib1,
  author = {Лисицын, С. А.},
  addendum = {(перечень ВАК)},
  title = {Сбор профильной информации с помощью трасс исполнения приложения для статической оптимизирующей бинарной трансляции},
  journal = {Международный научный журнал «Современные информационные технологии и ИТ-образование»},
  year = {2021},
  volume = {17},
  number = {2},
  pages = {369--378},
  language = {russian},
  authorvak = {true},
}

@ARTICLE{vakbib2,
  author = {Лисицын, С. А.},
  addendum = {(перечень ВАК)},
  title = {Мультипрофильная статическая бинарная оптимизация приложения на основе трасс исполнения},
  journal = {Международный научный журнал «Современные информационные технологии и ИТ-образование»},
  year = {2021},
  volume = {17},
  number = {3},
  pages = {560--579},
  language = {russian},
  authorvak = {true},
}

@CONFERENCE{confbib1,
  author = {Лисицын, С. А.},
  title = {Изучение проблем статической двоичной трансляции под RISC архитектуры},
  booktitle = {ТРУДЫ 63-й Всероссийской научной конференции МФТИ. Радиотехника и компьютерные технологии},
  year = {2020},
  language = {russian},
  authorconf = {true},
}

@CONFERENCE{confbib2,
  author = {Лисицын, С. А.},
  title = {Сбор профильной информации с помощью трасс исполнения приложения для статической оптимизирующей бинарной трансляции},
  booktitle = {Программа международного конгресса «Современные проблемы компьютерных и информационных наук»},
  year = {2021},
  language = {russian},
  authorconf = {true},
}

@CONFERENCE{confbib3,
  author = {Лисицын, С. А. and Шурыгин, А. А.},
  title = {Верификация статической двоичной оптимизирующей трансляции под RISC архитектуры},
  booktitle = {ТРУДЫ 64-й Всероссийской научной конференции МФТИ. Радиотехника и компьютерные технологии},
  year = {2021},
  language = {russian},
  authorconf = {true},
}